@article{rota1960note,
  author = {G.-C. Rota and G. Strang},
  title = {A Note on the Joint Spectral Radius},
  journal = {Proceedings of the American Mathematical Society},
  volume = {10},
  number = {2},
  pages = {296--298},
  year = {1960}
}

@article{blondel2000survey,
  author = {V. Blondel and J. Tsitsiklis},
  title = {A Survey of Computational Complexity Results in Systems and Control},
  journal = {Automatica},
  volume = {36},
  number = {9},
  pages = {1249--1274},
  year = {2000}
}

@book{daubechies1992ten,
  author = {I. Daubechies},
  title = {Ten Lectures on Wavelets},
  publisher = {SIAM},
  year = {1992}
}

@article{protasov2013invariant,
  author = {V. Protasov},
  title = {The Invariant Polytope Algorithm for the Generalized Spectral Radius of Sets of Matrices},
  journal = {Discrete and Computational Geometry},
  volume = {49},
  number = {2},
  pages = {216--238},
  year = {2013}
}

@book{jungers2009joint,
  author = {R. Jungers},
  title = {The Joint Spectral Radius: Theory and Applications},
  publisher = {Springer},
  year = {2009}
}

@article{king2022hybrid,
  author = {F. King and others},
  title = {A Hybrid Algorithm for Joint Spectral Radius Approximation},
  journal = {Journal of Computational Mathematics},
  volume = {40},
  number = {3},
  pages = {455--478},
  year = {2022}
}


